@article{ztpoisson,
    author = {Peter GM van der Heijden and Rami Bustami and Maarten JLF Cruyff and Godfried Engbersen and Hans C van Houwelingen},
    title ={Point and interval estimation of the population size using the truncated Poisson regression model},
    journal = {Statistical Modelling},
    volume = {3},
    number = {4},
    pages = {305-322},
    year = {2003}
}
@article{ztnegbin,
    author = {Cruyff, Maarten J. L. F. and van der Heijden, Peter G. M.},
    title = {Point and Interval Estimation of the Population Size Using a Zero-Truncated Negative Binomial Regression Model},
    journal = {Biometrical Journal},
    volume = {50},
    number = {6},
    pages = {1035-1050},
    year = {2008}
}
@article{ztoi-oizt-poisson,
     author = {Godwin, Ryan T.  and B{\"o}hning, Dankmar},
     journal = {Journal of the Royal Statistical Society. Series C (Applied Statistics)},
     number = {2},
     pages = {425--448},
     publisher = {[Wiley, Royal Statistical Society]},
     title = {Estimation of the population size by using the one-inflated positive Poisson model},
     volume = {66},
     year = {2017}
}
@article{chao,
    author = {B{\"o}hning, Dankmar and Vidal-Diez, Alberto and Lerdsuwansri, Rattana and Viwatwongkasem, Chukiat and Arnold, Mark},
    title = {A Generalization of Chao's Estimator for Covariate Information},
    journal = {Biometrics},
    volume = {69},
    number = {4},
    pages = {1033-1042},
    year = {2013}
}
@article{Drunk,
  title={Estimating the size of a criminal population from police records using the truncated Poisson regression model},
  author={{van der Heijden}, Peter GM and Cruyff, Maarten and Van Houwelingen, Hans C},
  journal={Statistica Neerlandica},
  volume={57},
  number={3},
  pages={289--304},
  year={2003},
  publisher={Wiley Online Library}
}
@article{rootogram,
    author = {Christian Kleiber and Achim Zeileis},
    title = {Visualizing Count Data Regressions Using Rootograms},
    journal = {The American Statistician},
    volume = {70},
    number = {3},
    pages = {296--303},
    year = {2016},
    publisher = {ASA Website},
    doi = {10.1080/00031305.2016.1173590}
}
@book{VGAM-main,
    author = {Yee, Thomas W.},
    title = {Vector Generalized Linear and Additive Models: With an Implementation in R},
    year = {2015},
    publisher = {Springer Publishing Company, Incorporated},
    edition = {1st}
}
@article{zotmodels,
    author = {Dankmar B{\"o}hning and Peter G. M. van der Heijden},
    title = {{The identity of the zero-truncated, one-inflated likelihood and the zero-one-truncated likelihood for general count densities with an application to drink-driving in Britain}},
    volume = {13},
    journal = {The Annals of Applied Statistics},
    number = {2},
    publisher = {Institute of Mathematical Statistics},
    pages = {1198 -- 1211},
    keywords = {behavioral response, capture-recapture, Chao estimator, mixture model, nonparametric estimator of population size, power series distribution, zero-truncated model},
    year = {2019},
    doi = {10.1214/18-AOAS1232}
}
@article{zelterman,
    author = {Dankmar B{\"o}hning and Peter G. M. van der Heijden},
    title = {{A covariate adjustment for zero-truncated approaches to estimating the size of hidden and elusive populations}},
    volume = {3},
    journal = {The Annals of Applied Statistics},
    number = {2},
    publisher = {Institute of Mathematical Statistics},
    pages = {595 -- 610},
    keywords = {capture-recapture, elusive population, estimation under model misspecification, Population size estimation, truncated Poisson and binomial likelihood},
    year = {2009},
    doi = {10.1214/08-AOAS214}
}
